
@inproceedings{ku2018joint,
  title={Joint 3d proposal generation and object detection from view aggregation},
  author={Ku, Jason and Mozifian, Melissa and Lee, Jungwook and Harakeh, Ali and Waslander, Steven L},
  booktitle={2018 IEEE/RSJ International Conference on Intelligent Robots and Systems (IROS)},
  pages={1--8},
  year={2018},
  organization={IEEE}
}

@inproceedings{feichtenhofer2017detect,
  title={Detect to track and track to detect},
  author={Feichtenhofer, Christoph and Pinz, Axel and Zisserman, Andrew},
  booktitle={Proceedings of the IEEE International Conference on Computer Vision},
  pages={3038--3046},
  year={2017}
}

@inproceedings{bochinski2017high,
  title={High-speed tracking-by-detection without using image information},
  author={Bochinski, Erik and Eiselein, Volker and Sikora, Thomas},
  booktitle={2017 14th IEEE International Conference on Advanced Video and Signal Based Surveillance (AVSS)},
  pages={1--6},
  year={2017},
  organization={IEEE}
}
