
@inproceedings{lenz2015followme,
	title={FollowMe: Efficient online min-cost flow tracking with bounded memory and computation},
	author={Lenz, Philip and Geiger, Andreas and Urtasun, Raquel},
	booktitle={Proceedings of the IEEE International Conference on Computer Vision},
	pages={4364--4372},
	year={2015}
}

@inproceedings{ku2018joint,
	title={Joint 3d proposal generation and object detection from view aggregation},
	author={Ku, Jason and Mozifian, Melissa and Lee, Jungwook and Harakeh, Ali and Waslander, Steven L},
	booktitle={2018 IEEE/RSJ International Conference on Intelligent Robots and Systems (IROS)},
	pages={1--8},
	year={2018},
	organization={IEEE}
}

@inproceedings{feichtenhofer2017detect,
	title={Detect to track and track to detect},
	author={Feichtenhofer, Christoph and Pinz, Axel and Zisserman, Andrew},
	booktitle={Proceedings of the IEEE International Conference on Computer Vision},
	pages={3038--3046},
	year={2017}
}

@inproceedings{bochinski2017high,
	title={High-speed tracking-by-detection without using image information},
	author={Bochinski, Erik and Eiselein, Volker and Sikora, Thomas},
	booktitle={2017 14th IEEE International Conference on Advanced Video and Signal Based Surveillance (AVSS)},
	pages={1--6},
	year={2017},
	organization={IEEE}
}

@inproceedings{krizhevsky2012imagenet,
	title={Imagenet classification with deep convolutional neural networks},
	author={Krizhevsky, Alex and Sutskever, Ilya and Hinton, Geoffrey E},
	booktitle={Advances in neural information processing systems},
	pages={1097--1105},
	year={2012}
}

@article{simonyan2014very,
	title={Very deep convolutional networks for large-scale image recognition},
	author={Simonyan, Karen and Zisserman, Andrew},
	journal={arXiv preprint arXiv:1409.1556},
	year={2014}
}

@inproceedings{he2016deep,
	title={Deep residual learning for image recognition},
	author={He, Kaiming and Zhang, Xiangyu and Ren, Shaoqing and Sun, Jian},
	booktitle={Proceedings of the IEEE conference on computer vision and pattern recognition},
	pages={770--778},
	year={2016}
}

@inproceedings{dai2016r,
	title={R-fcn: Object detection via region-based fully convolutional networks},
	author={Dai, Jifeng and Li, Yi and He, Kaiming and Sun, Jian},
	booktitle={Advances in neural information processing systems},
	pages={379--387},
	year={2016}
}

@inproceedings{girshick2015fast,
	title={Fast r-cnn},
	author={Girshick, Ross},
	booktitle={Proceedings of the IEEE international conference on computer vision},
	pages={1440--1448},
	year={2015}
}

@inproceedings{ren2015faster,
	title={Faster r-cnn: Towards real-time object detection with region proposal networks},
	author={Ren, Shaoqing and He, Kaiming and Girshick, Ross and Sun, Jian},
	booktitle={Advances in neural information processing systems},
	pages={91--99},
	year={2015}
}

@inproceedings{bertinetto2016fully,
	title={Fully-convolutional siamese networks for object tracking},
	author={Bertinetto, Luca and Valmadre, Jack and Henriques, Joao F and Vedaldi, Andrea and Torr, Philip HS},
	booktitle={European conference on computer vision},
	pages={850--865},
	year={2016},
	organization={Springer}
}

@inproceedings{zhu2017deep,
	title={Deep feature flow for video recognition},
	author={Zhu, Xizhou and Xiong, Yuwen and Dai, Jifeng and Yuan, Lu and Wei, Yichen},
	booktitle={Proceedings of the IEEE Conference on Computer Vision and Pattern Recognition},
	pages={2349--2358},
	year={2017}
}

@inproceedings{zhu2017flow,
	title={Flow-guided feature aggregation for video object detection},
	author={Zhu, Xizhou and Wang, Yujie and Dai, Jifeng and Yuan, Lu and Wei, Yichen},
	booktitle={Proceedings of the IEEE International Conference on Computer Vision},
	pages={408--417},
	year={2017}
}

@inproceedings{zhu2018towards,
	title={Towards high performance video object detection},
	author={Zhu, Xizhou and Dai, Jifeng and Yuan, Lu and Wei, Yichen},
	booktitle={Proceedings of the IEEE Conference on Computer Vision and Pattern Recognition},
	pages={7210--7218},
	year={2018}
}

@article{liu2018learning,
	title={Learning Scene Flow in 3D Point Clouds},
	author={Liu, Xingyu and Qi, Charles R and Guibas, Leonidas J},
	journal={arXiv preprint arXiv:1806.01411},
	year={2018}
}

@article{behl2018pointflownet,
	title={PointFlowNet: Learning Representations for 3D Scene Flow Estimation from Point Clouds},
	author={Behl, Aseem and Paschalidou, Despoina and Donn{\'e}, Simon and Geiger, Andreas},
	journal={arXiv preprint arXiv:1806.02170},
	year={2018}
}

@inproceedings{feichtenhofer2017detect,
	title={Detect to track and track to detect},
	author={Feichtenhofer, Christoph and Pinz, Axel and Zisserman, Andrew},
	booktitle={Proceedings of the IEEE International Conference on Computer Vision},
	pages={3038--3046},
	year={2017}
}